<record><leader>00000cas a22000007a 4500</leader><controlfield tag="001">14409082</controlfield><controlfield tag="008">861017d18821904pauwr ne      0    0eng d</controlfield><datafield ind1=" " ind2=" " tag="010"><subfield code="a">sn 86081880 </subfield></datafield><datafield ind1=" " ind2=" " tag="040"><subfield code="a">NPH</subfield><subfield code="b">eng</subfield><subfield code="c">NPH</subfield><subfield code="d">OCLCQ</subfield></datafield><datafield ind1=" " ind2=" " tag="042"><subfield code="a">msc</subfield></datafield><datafield ind1="0" ind2="4" tag="245"><subfield code="a">The Troy register.</subfield></datafield><datafield ind1="3" ind2="0" tag="246"><subfield code="a">Register</subfield></datafield><datafield ind1=" " ind2=" " tag="260"><subfield code="a">Troy, Bradford County, Pa. :</subfield><subfield code="b">Frank Loomis,</subfield><subfield code="c">-1904.</subfield></datafield><datafield ind1=" " ind2=" " tag="300"><subfield code="a">v. ;</subfield><subfield code="c">70 cm.</subfield></datafield><datafield ind1=" " ind2=" " tag="310"><subfield code="a">Weekly</subfield></datafield><datafield ind1="1" ind2=" " tag="362"><subfield code="a">Began in 1882?</subfield></datafield><datafield ind1="0" ind2=" " tag="362"><subfield code="a">-24th yr., no. 1220 (Dec. 29, 1904).</subfield></datafield><datafield ind1=" " ind2=" " tag="500"><subfield code="a">Published every Thursday.</subfield></datafield><datafield ind1=" " ind2=" " tag="515"><subfield code="a">Issues for &lt;Mar. 5, 1885&gt; also numbered &lt;whole no. 172&gt;.</subfield></datafield><datafield ind1=" " ind2=" " tag="588"><subfield code="a">Description based on: Vol. 4, no. 16 (Mar. 5, 1885).</subfield></datafield><datafield ind1=" " ind2=" " tag="752"><subfield code="a">United States</subfield><subfield code="b">Pennsylvania</subfield><subfield code="c">Bradford</subfield><subfield code="d">Troy.</subfield></datafield><datafield ind1="0" ind2="0" tag="780"><subfield code="t">Weekly register (Troy, Pa.)</subfield><subfield code="w">(DLC)sn 86081879</subfield></datafield><datafield ind1="0" ind2="7" tag="785"><subfield code="t">Troy gazette (Troy, Pa.)</subfield><subfield code="w">(DLC)sn 86081409</subfield></datafield><datafield ind1="0" ind2="7" tag="785"><subfield code="t">Troy gazette-register</subfield><subfield code="w">(DLC)sn 86081881</subfield></datafield></record>